<record><leader>00000cas a2200000Ia 4500</leader><controlfield tag="001">18610158</controlfield><controlfield tag="008">881014d18671867vauwr ne      0    0eng d</controlfield><datafield ind1=" " ind2=" " tag="010"><subfield code="a">sn2003061628</subfield></datafield><datafield ind1=" " ind2=" " tag="040"><subfield code="a">NDD</subfield><subfield code="b">eng</subfield><subfield code="c">NDD</subfield><subfield code="d">NVK</subfield><subfield code="d">OCLCQ</subfield></datafield><datafield ind1=" " ind2=" " tag="043"><subfield code="a">n-us-va</subfield></datafield><datafield ind1="0" ind2="4" tag="245"><subfield code="a">The Halifax Times.</subfield></datafield><datafield ind1=" " ind2=" " tag="260"><subfield code="a">Halifax C[ourt] H[ouse], Va. :</subfield><subfield code="b">Phillips &amp; Co.</subfield></datafield><datafield ind1=" " ind2=" " tag="300"><subfield code="a">v. :</subfield><subfield code="b">ill. (chiefly advertisements) ;</subfield><subfield code="c">50 cm.</subfield></datafield><datafield ind1=" " ind2=" " tag="310"><subfield code="a">Weekly</subfield></datafield><datafield ind1="1" ind2=" " tag="362"><subfield code="a">Began with Sept. 21?, 1867; ceased in 1867.</subfield><subfield code="z">Cf. Cappon, L.J. Va. newspapers, 1821-1935.</subfield></datafield><datafield ind1=" " ind2=" " tag="588"><subfield code="a">Description based on: Vol. 1, no. 9 (Nov. 16, 1867).</subfield></datafield><datafield ind1=" " ind2="0" tag="651"><subfield code="a">Halifax (Va.)</subfield><subfield code="v">Newspapers.</subfield></datafield><datafield ind1=" " ind2=" " tag="752"><subfield code="a">United States</subfield><subfield code="b">Virginia</subfield><subfield code="c">Halifax</subfield><subfield code="d">Halifax.</subfield></datafield><datafield ind1="1" ind2=" " tag="776"><subfield code="t">Halifax Times</subfield><subfield code="w">(OCoLC)18610184</subfield></datafield></record>